%every bibliography entry should have an author, year and title field, no matter what the type is.
% https://www.overleaf.com/blog/532-creating-and-managing-bibliographies-with-bibtex-on-overleaf
% https://en.wikibooks.org/wiki/LaTeX/Bibliography_Management#BibTeX

@article{Shlens_2014,
  author    = {Jonathon Shlens},
  title     = {A Tutorial on Principal Component Analysis},
  journal   = {CoRR},
  volume    = {abs/1404.1100},
  year      = {2014},
  url       = {http://arxiv.org/abs/1404.1100},
}

@article{De_Paolis_2019,
   title={Rotating baryonic dark halos},
   volume={629},
   ISSN={1432-0746},
   url={http://dx.doi.org/10.1051/0004-6361/201936327},
   DOI={10.1051/0004-6361/201936327},
   journal={Astronomy \& Astrophysics},
   publisher={EDP Sciences},
   author={De Paolis, F. and Gurzadyan, A. V. and Nucita, A. A. and Gurzadyan, V. G. and Qadir, A. and Kashin, A. and Amekhyan, A. and Sargsyan, S. and Jetzer, Ph. and Ingrosso, G. and et al.},
   year={2019},
   month={Sep},
   pages={A87}
}

@article{McQuinn_2016,
	doi = {10.3847/0004-6256/152/5/144},
	url = {https://doi.org/10.3847%2F0004-6256%2F152%2F5%2F144},
	year = 2016,
	month = {oct},
	publisher = {American Astronomical Society},
	volume = {152},
	number = {5},
	pages = {144},
	author = {Kristen. B. W. McQuinn and Evan D. Skillman and Andrew E. Dolphin and Danielle Berg and Robert Kennicutt},
	title = {{THE} {DISTANCE} {TO} M104},
	journal = {The Astronomical Journal},
}

@Inbook{Golub_1971,
    author="Golub, G. H.
    and Reinsch, C.",
    title="Singular Value Decomposition and Least Squares Solutions",
    bookTitle="Linear Algebra",
    year="1971",
    publisher="Springer Berlin Heidelberg",
    address="Berlin, Heidelberg",
    pages="134--151",
    isbn="978-3-662-39778-7",
    doi="10.1007/978-3-662-39778-7_10",
    url="https://doi.org/10.1007/978-3-662-39778-7_10"
}
@Inbook{BT2008,
    author="Binney, James and Tremaine, Scott",
    title="Galactic Dynamics",
    bookTitle="Galactic Dynamics",
    year="2008",
    publisher="Princeton Series in Astrophysics",
    isbn="9780691130279"
}

@Inbook{NIST_2013,
    author="NIST/SEMATECH",
    editor="",
    title="e-Handbook of Statistical Methods",
    bookTitle="Linear Algebra",
    year="2013",
    publisher="",
    address="",
    pages="",
    isbn="",
    doi="",
    url="http://www.itl.nist.gov/div898/handbook/"
}

@book{Cline_2006,
    author="A. K. Cline and I. S. Dhillon",
    title="Handbook of Linear Algebra",
    bookTitle="Linear Algebra",
    year="2006",
    publisher="CRC Press",
    pages="45-1--45-13",
    isbn="",
    doi="",
    url="https://www.cs.utexas.edu/users/inderjit/public_papers/HLA_SVD.pdf"
}

@Inbook{NR_2007,
    author="W. H. Press and Saul A. Teukolsky and William T. Vetterling and Brian P. Flannery",
    title="Numerical Recipes",
    subtitle="The Art of Scientific Computing",
    year="2007",
    edition="3",
    publisher="Cambridge University Press",
    isbn="978-0-511-33555-6",
}